<?xml version="1.0" encoding="UTF-8"?><collection xmlns="http://www.loc.gov/MARC21/slim"><record><leader>00466nam--2200145-i-4500</leader><controlfield tag="001">000001663</controlfield><controlfield tag="002">20161230</controlfield><controlfield tag="005">20161230201024</controlfield><controlfield tag="008">060222s1000------------r-----000-0-eng-d</controlfield><datafield ind1=" " ind2=" " tag="080"><subfield code="a">681.3.06:62-503</subfield></datafield><datafield ind1=" " ind2=" " tag="100"><subfield code="a">Frankle, John T.,Klapper, Jacob</subfield></datafield><datafield ind1=" " ind2=" " tag="245"><subfield code="a">Phase-locked and frequency -feedback systems principles and techniques</subfield></datafield><datafield ind1=" " ind2=" " tag="260"><subfield code="a">New York, Academic Press, 1972. Xx + 393 P</subfield></datafield><datafield ind1=" " ind2=" " tag="490"><subfield code="a">Electrical Science. A Series Of Monographs And Texts</subfield></datafield><datafield ind1=" " ind2=" " tag="852"><subfield code="a">39843</subfield></datafield></record></collection>